<?xml version="1.0" encoding="UTF-8"?><collection xmlns="http://www.loc.gov/MARC21/slim"><record><leader>00434nam--2200169-i-4500</leader><controlfield tag="001">000040890</controlfield><controlfield tag="002">20161230</controlfield><controlfield tag="005">20170119002741</controlfield><controlfield tag="008">060222s1000------------r-----000-0-eng-d</controlfield><datafield ind1=" " ind2=" " tag="080"><subfield code="a">666.3(061.3)</subfield></datafield><datafield ind1=" " ind2=" " tag="245"><subfield code="a">The science of ceramic machining and surface finishing</subfield></datafield><datafield ind1=" " ind2=" " tag="260"><subfield code="a">Washington</subfield><subfield code="b">Nbs</subfield><subfield code="c">1972</subfield></datafield><datafield ind1=" " ind2=" " tag="300"><subfield code="a">XI + 421 p</subfield></datafield><datafield ind1=" " ind2=" " tag="490"><subfield code="a">Nbs Special Publ</subfield></datafield><datafield ind1=" " ind2=" " tag="700"><subfield code="a">Rice, R. W</subfield></datafield><datafield ind1=" " ind2=" " tag="852"><subfield code="a">42718</subfield></datafield><datafield ind1=" " ind2=" " tag="CAT"><subfield code="a">SYS</subfield><subfield code="c">20170119</subfield><subfield code="h">002741</subfield></datafield></record></collection>